<collection xmlns:xsi="http://www.w3.org/2001/XMLSchema-instance" xmlns="http://www.loc.gov/MARC21/slim" xsi:schemaLocation="http://www.loc.gov/MARC21/slim http://www.loc.gov/standards/marcxml/schema/MARC21slim.xsd">

<record>
  <leader>04319ckdaa2200601 a 4500</leader>
  <controlfield tag="001">3464632</controlfield>
  <controlfield tag="005">20100226104521.0</controlfield>
  <controlfield tag="008">010430s1915    xx ||| |||||||    k|eng d</controlfield>
  <datafield tag="035" ind1=" " ind2=" ">
    <subfield code="a">(OCoLC)78319054</subfield>
  </datafield>
  <datafield tag="035" ind1=" " ind2=" ">
    <subfield code="a">(OCoLC)ocm78319054</subfield>
  </datafield>
  <datafield tag="035" ind1=" " ind2=" ">
    <subfield code="a">(CStRLIN)NYDA01-F96</subfield>
  </datafield>
  <datafield tag="035" ind1=" " ind2=" ">
    <subfield code="a">(NNC-A)23</subfield>
  </datafield>
  <datafield tag="035" ind1=" " ind2=" ">
    <subfield code="9">AAB2732AD</subfield>
  </datafield>
  <datafield tag="035" ind1=" " ind2=" ">
    <subfield code="a">(NNC)3464632</subfield>
  </datafield>
  <datafield tag="040" ind1=" " ind2=" ">
    <subfield code="a">NNC-A</subfield>
    <subfield code="c">NNC-A</subfield>
    <subfield code="e">gihc</subfield>
  </datafield>
  <datafield tag="043" ind1=" " ind2=" ">
    <subfield code="a">n-us-ca</subfield>
  </datafield>
  <datafield tag="090" ind1=" " ind2=" ">
    <subfield code="h">12/31/99 T</subfield>
  </datafield>
  <datafield tag="100" ind1="1" ind2=" ">
    <subfield code="a">Hulbert, Leroy.</subfield>
  </datafield>
  <datafield tag="240" ind1="1" ind2="0">
    <subfield code="a">Robert R. Blacker house (Pasadena, Calif.)</subfield>
  </datafield>
  <datafield tag="245" ind1="1" ind2="0">
    <subfield code="a">[Robert R. Blacker house, Pasadena, Calif.]</subfield>
    <subfield code="h">[graphic] /</subfield>
    <subfield code="c">Leroy Hulbert [photographer] ; [Greene &amp; Greene, architects]</subfield>
  </datafield>
  <datafield tag="260" ind1=" " ind2=" ">
    <subfield code="c">[circa 1915]</subfield>
  </datafield>
  <datafield tag="300" ind1=" " ind2=" ">
    <subfield code="a">14 photographic prints mounted on board :</subfield>
    <subfield code="b">brown tone ;</subfield>
    <subfield code="c">25.8 x 24.8 cm. (10 1/8 x 9 3/4 in.) or smaller, on mount 34.9 x 42.5cm. (13 3/4 x 16 3/4 in.)</subfield>
  </datafield>
  <datafield tag="500" ind1=" " ind2=" ">
    <subfield code="a">Date of photos and some image titles from: Greene &amp; Greene / Edward R. Bosley. London : Phaidon, 2000.</subfield>
  </datafield>
  <datafield tag="500" ind1=" " ind2=" ">
    <subfield code="a">Additional image titles from: Rebirth of a landmark : the Robert R. Blacker house of Greene &amp; Greene. [Pasadena? : s.n.], 1998.</subfield>
  </datafield>
  <datafield tag="545" ind1=" " ind2=" ">
    <subfield code="a">Bosley dates the house to 1907-09.</subfield>
  </datafield>
  <datafield tag="500" ind1=" " ind2=" ">
    <subfield code="a">Photos are mounted horizontally and vertically.</subfield>
  </datafield>
  <datafield tag="500" ind1=" " ind2=" ">
    <subfield code="a">Photos are possibly platinum/palladium prints.</subfield>
  </datafield>
  <datafield tag="500" ind1=" " ind2=" ">
    <subfield code="a">Signed in various locations in the following forms: Leroy Hulbert; Leroy Hulbert. L.A.; Leroy Hulbert photo.</subfield>
  </datafield>
  <datafield tag="561" ind1=" " ind2=" ">
    <subfield code="a">Gift made possible by Harwell Hamilton Harris. Accession number 1987.003.</subfield>
  </datafield>
  <datafield tag="580" ind1=" " ind2=" ">
    <subfield code="a">Forms part of the Greene &amp; Greene architectural drawings and photographs, Dept. of Drawings &amp; Archives, Avery Architectural and Fine Arts Library.</subfield>
  </datafield>
  <datafield tag="650" ind1=" " ind2="7">
    <subfield code="a">Houses.</subfield>
    <subfield code="2">aat</subfield>
  </datafield>
  <datafield tag="655" ind1=" " ind2="7">
    <subfield code="a">Photographic prints.</subfield>
    <subfield code="2">aat</subfield>
  </datafield>
  <datafield tag="651" ind1=" " ind2="0">
    <subfield code="a">Pasadena (Calif.)</subfield>
  </datafield>
  <datafield tag="610" ind1="2" ind2="0">
    <subfield code="a">Robert R. Blacker house (Pasadena, Calif.)</subfield>
  </datafield>
  <datafield tag="700" ind1="1" ind2=" ">
    <subfield code="a">Blacker, Robert R.</subfield>
  </datafield>
  <datafield tag="710" ind1="2" ind2=" ">
    <subfield code="a">Greene &amp; Greene.</subfield>
  </datafield>
  <datafield tag="773" ind1="0" ind2=" ">
    <subfield code="7">c2bc</subfield>
    <subfield code="a">Greene &amp; Greene.</subfield>
    <subfield code="t">Architectural drawings and photographs.</subfield>
    <subfield code="w">(CStRLIN)NYDA88-A56.</subfield>
  </datafield>
  <datafield tag="789" ind1="0" ind2=" ">
    <subfield code="l">[1]</subfield>
    <subfield code="i">NYDA.1987.003.00002.</subfield>
    <subfield code="t">[View from garden to rear elevation of main residence].</subfield>
    <subfield code="p">19 x 24 cm. (7 1/2 x 9 1/2 in.).</subfield>
    <subfield code="o">Signed on photo, lower left.</subfield>
  </datafield>
  <datafield tag="789" ind1="0" ind2=" ">
    <subfield code="l">[2]</subfield>
    <subfield code="i">NYDA.1987.003.00003.</subfield>
    <subfield code="t">[View from garden to rear elevation of main residence].</subfield>
    <subfield code="p">19.3 x 24.3 cm. (7 5/8 x 9 5/8 in.).</subfield>
    <subfield code="o">Signed on photo, lower right.</subfield>
  </datafield>
  <datafield tag="789" ind1="0" ind2=" ">
    <subfield code="l">[3]</subfield>
    <subfield code="i">NYDA.1987.003.00004.</subfield>
    <subfield code="t">[View from garden showing right side of rear elevation of main residence].</subfield>
    <subfield code="p">19.3 x 24.3 cm. (7 5/8  x 9 5/8 in.).</subfield>
    <subfield code="o">Signed on photo, lower right.</subfield>
  </datafield>
  <datafield tag="789" ind1="0" ind2=" ">
    <subfield code="l">[4]</subfield>
    <subfield code="i">NYDA.1987.003.00005.</subfield>
    <subfield code="t">[Rear pergola].</subfield>
    <subfield code="p">19.7 x 24.8 cm. (7 3/4 x 9 3/4 in.).</subfield>
    <subfield code="o">Signed on photo, lower left.</subfield>
  </datafield>
  <datafield tag="789" ind1="0" ind2=" ">
    <subfield code="l">[5]</subfield>
    <subfield code="i">NYDA.1987.003.00006.</subfield>
    <subfield code="t">[Pergola].</subfield>
    <subfield code="p">19.5 x 24.5 cm. (7 5/8 x 9 5/8 in.).</subfield>
    <subfield code="o">Signed on photo, lower left.</subfield>
  </datafield>
  <datafield tag="789" ind1="0" ind2=" ">
    <subfield code="l">[6]</subfield>
    <subfield code="i">NYDA.1987.003.00007.</subfield>
    <subfield code="t">[View from garden of outbuildings and rear elevation of main residence].</subfield>
    <subfield code="p">15.7 x 24.5 cm. (6 1/4 x 9 5/8 in.).</subfield>
    <subfield code="o">Signed on intermediary mount, lower right.</subfield>
  </datafield>
  <datafield tag="789" ind1="0" ind2=" ">
    <subfield code="l">[7]</subfield>
    <subfield code="i">NYDA.1987.003.00008.</subfield>
    <subfield code="t">[Outbuildings and rear elevation of main residence,detail].</subfield>
    <subfield code="p">24.7 x 19.7 cm. (9 5/8 x 7 3/4 in.).</subfield>
    <subfield code="o">Signed on intermediary mount, lower right.</subfield>
  </datafield>
  <datafield tag="789" ind1="0" ind2=" ">
    <subfield code="l">[8]</subfield>
    <subfield code="i">NYDA.1987.003.00009.</subfield>
    <subfield code="t">[Entry hall, view toward leaded art-glass doors].</subfield>
    <subfield code="p">19.6 x 24.5 cm. (7 3/4 x 9 5/8 in.).</subfield>
    <subfield code="o">Signed on photo, lower right.</subfield>
  </datafield>
  <datafield tag="789" ind1="0" ind2=" ">
    <subfield code="l">[9]</subfield>
    <subfield code="i">NYDA.1987.003.00010.</subfield>
    <subfield code="t">[Entry hall, view with staircase].</subfield>
    <subfield code="p">19 x 24 cm. (7 1/2 x 9 1/2 in.).</subfield>
    <subfield code="o">Signed photo, lower left.</subfield>
  </datafield>
  <datafield tag="789" ind1="0" ind2=" ">
    <subfield code="l">[10]</subfield>
    <subfield code="i">NYDA.1987.003.00011.</subfield>
    <subfield code="t">[Living room, looking north].</subfield>
    <subfield code="p">25.8 x 19.6 cm. (10 1/8 x 7 3/4 in.).</subfield>
    <subfield code="o">Signed on photo, lower left.</subfield>
  </datafield>
  <datafield tag="789" ind1="0" ind2=" ">
    <subfield code="l">[11]</subfield>
    <subfield code="i">NYDA.1987.003.00012.</subfield>
    <subfield code="t">[Living room, looking east].</subfield>
    <subfield code="p">19.7 x 24.6 cm. (7 3/4 x 9 5/8 in.).</subfield>
    <subfield code="o">Signed on photo, lower right.</subfield>
  </datafield>
  <datafield tag="789" ind1="0" ind2=" ">
    <subfield code="l">[12]</subfield>
    <subfield code="i">NYDA.1987.003.00013.</subfield>
    <subfield code="t">[Living room music cabinet].</subfield>
    <subfield code="p">24 x 19 cm. (9 1/2 x 7 1/2 in.).</subfield>
    <subfield code="o">Signed on photo, lower right.</subfield>
  </datafield>
  <datafield tag="789" ind1="0" ind2=" ">
    <subfield code="l">[13]</subfield>
    <subfield code="i">NYDA.1987.003.00014.</subfield>
    <subfield code="t">[Dining room and breakfast room].</subfield>
    <subfield code="p">19.5 x 24.7 cm. (7 5/8 x 9 5/8 in.).</subfield>
    <subfield code="o">Signed on photo, lower left.</subfield>
  </datafield>
  <datafield tag="789" ind1="0" ind2=" ">
    <subfield code="l">[14]</subfield>
    <subfield code="i">NYDA.1987.003.00015.</subfield>
    <subfield code="t">[Dining room sideboard].</subfield>
    <subfield code="p">19.6 x 24.6 cm. (7 3/4 x 9 5/8 in.).</subfield>
    <subfield code="o">Signed on photo, lower left.</subfield>
  </datafield>
  <datafield tag="852" ind1=" " ind2=" ">
    <subfield code="a">Columbia University</subfield>
    <subfield code="b">Avery Architectural and Fine Arts Library, Drawings and Archives Collection</subfield>
    <subfield code="e">1172 Amsterdam Avenue, MC 0301, New York, NY 10027.</subfield>
  </datafield>
  <datafield tag="900" ind1=" " ind2=" ">
    <subfield code="a">AUTH</subfield>
  </datafield>
</record>

</collection>